% This is an empty bibliography file.
% Add BibTeX entries here if citations are added to the article.