@comment{This .bib file was generated based on the Ray Peat article "The dark side of stress (learned helplessness)".}

@article{Aly2011,
  author  = {Aly, H. F. and Metwally, F. M. and Ahmed, H. H.},
  title   = {Neuroprotective effects of dehydroepiandrosterone ({DHEA}) in rat model of {Alzheimer's} disease},
  journal = {Acta Biochimica Polonica},
  year    = {2011},
  volume  = {58},
  number  = {4},
  pages   = {513--520}
}

@article{Anisman1981,
  author  = {Anisman, H. and Glazier, S. J. and Sklar, L. S.},
  title   = {Cholinergic influences on escape deficits produced by uncontrollable stress},
  journal = {Psychopharmacology},
  year    = {1981},
  volume  = {74},
  number  = {1},
  pages   = {81--87}
}

@article{Barron2001,
  author  = {Barron, J. T. and Gu, L. and Parrillo, J. E.},
  title   = {Endothelial- and nitric oxide-dependent effects on oxidative metabolism of intact artery},
  journal = {Biochimica et Biophysica Acta (BBA) - Molecular Basis of Disease},
  year    = {2001},
  month   = {Nov},
  day     = {1},
  volume  = {1506},
  number  = {3},
  pages   = {204--211}
}

@article{Campos2013,
  author  = {Campos, A. C. and Piorino, E. M. and Ferreira, F. R. and Guimar{\~a}es, F. S.},
  title   = {Increased nitric oxide-mediated neurotransmission in the medial prefrontal cortex is associated with the long lasting anxiogenic-like effect of predator exposure},
  journal = {Behavioural Brain Research},
  year    = {2013},
  month   = {Aug},
  day     = {12},
  note    = {pii: S0166-4328(13)00482-8. Published online ahead of print. Check final publication for volume/pages.}
}

@article{Chang2001,
  author  = {Chang, A. Y. W. and Chan, J. Y. H. and Kao, F. J. and Huang, C. M. and Chan, S. H. H.},
  title   = {Engagement of inducible nitric oxide synthase at the rostral ventrolateral medulla during mevinphos intoxication in the rat},
  journal = {Journal of Biomedical Science},
  year    = {2001},
  month   = {Nov--Dec},
  volume  = {8},
  number  = {6},
  pages   = {475--483}
}

@misc{Chen2001,
  author = {Chen, et al.},
  title  = {Title related to astrocytes protecting nerve cells from nitric oxide},
  year   = {2001},
  note   = {Full reference details not found in provided text. Cited in article body.}
}

@article{Delfs1984,
  author  = {Delfs, J. R. and Zhu, C. H. and Dichter, M. A.},
  title   = {Coexistence of acetylcholinesterase and somatostatin-immunoreactivity in neurons cultured from rat cerebrum},
  journal = {Science},
  year    = {1984},
  month   = {Jan},
  day     = {6},
  volume  = {223},
  number  = {4631},
  pages   = {61--63}
}

@article{Doherty2011,
  author  = {Doherty, G. H.},
  title   = {Nitric oxide in neurodegeneration: potential benefits of non-steroidal anti-inflammatories},
  journal = {Neuroscience Bulletin},
  year    = {2011},
  month   = {Dec},
  volume  = {27},
  number  = {6},
  pages   = {366--382}
}

@article{Donat2007,
  author  = {Donat, C. K. and Schuhmann, M. U. and Voigt, C. and Nieber, K. and Schliebs, R. and Brust, P.},
  title   = {Alterations of acetylcholinesterase activity after traumatic brain injury in rats},
  journal = {Brain Injury},
  year    = {2007},
  month   = {Sep},
  volume  = {21},
  number  = {10},
  pages   = {1031--1037}
}

@article{Fairbrother1989,
  author  = {Fairbrother, A. and Wagner, S. L. and Welch, S. and Smith, B. B.},
  title   = {Influence of menstrual cycle on serum cholinesterase},
  journal = {Environmental Research},
  year    = {1989},
  month   = {Aug},
  volume  = {49},
  number  = {2},
  pages   = {181--189}
}

@article{Flemmer1990,
  author  = {Flemmer, D. D. and Dilsaver, S. C. and Peck, J. A.},
  title   = {Bright light blocks the capacity of inescapable swim stress to supersensitize a central muscarinic mechanism},
  journal = {Pharmacology Biochemistry and Behavior},
  year    = {1990},
  month   = {Aug},
  volume  = {36},
  number  = {4},
  pages   = {775--778}
}

@article{Franco2006,
  author  = {Franco, M. C. and Antico Arciuch, V. G. and Peralta, J. G. and Galli, S. and Levisman, D. and L{\'o}pez, L. M. and Romorini, L. and Poderoso, J. J. and Carreras, M. C.},
  title   = {Hypothyroid phenotype is contributed by mitochondrial complex {I} inactivation due to translocated neuronal nitric-oxide synthase},
  journal = {Journal of Biological Chemistry},
  year    = {2006},
  month   = {Feb},
  day     = {24},
  volume  = {281},
  number  = {8},
  pages   = {4779--4786}
}

@article{Freund2013,
  author  = {Freund, J. and Brandmaier, A. M. and Lewejohann, L. and Kirste, I. and Kritzler, M. and Kr{\"u}ger, A. and Sachser, N. and Lindenberger, U. and Kempermann, G.},
  title   = {Emergence of individuality in genetically identical mice},
  journal = {Science},
  year    = {2013},
  month   = {May},
  day     = {10},
  volume  = {340},
  number  = {6133},
  pages   = {756--759}
}

@article{Gahm2006,
  author  = {Gahm, C. and Holmin, S. and Wiklund, P. N. and Brundin, L. and Mathiesen, T.},
  title   = {Neuroprotection by selective inhibition of inducible nitric oxide synthase after experimental brain contusion},
  journal = {Journal of Neurotrauma},
  year    = {2006},
  month   = {Sep},
  volume  = {23},
  number  = {9},
  pages   = {1343--1354}
}

@article{Green2008,
  author  = {Green, K. N. and Steffan, J. S. and Martinez-Coria, H. and Sun, X. and Schreiber, S. S. and Thompson, L. M. and LaFerla, F. M.},
  title   = {Nicotinamide restores cognition in {Alzheimer's} disease transgenic mice via a mechanism involving sirtuin inhibition and selective reduction of {Thr231}-phosphotau},
  journal = {Journal of Neuroscience},
  year    = {2008},
  month   = {Nov},
  day     = {5},
  volume  = {28},
  number  = {45},
  pages   = {11500--11510}
}

@article{Hayes1986,
  author  = {Hayes, R. L. and Stonnington, H. H. and Lyeth, B. G. and Dixon, C. E. and Yamamoto, T.},
  title   = {Metabolic and neurophysiologic sequelae of brain injury: a cholinergic hypothesis},
  journal = {Central Nervous System Trauma},
  year    = {1986},
  season  = {Spring},
  volume  = {3},
  number  = {2},
  pages   = {163--173}
}

@article{Helmreich2006,
  author  = {Helmreich, D. L. and Crouch, M. and Dorr, N. P. and Parfitt, D. B.},
  title   = {Peripheral triiodothyronine ({T(3)}) levels during escapable and inescapable footshock},
  journal = {Physiology \& Behavior},
  year    = {2006},
  month   = {Jan},
  day     = {30},
  volume  = {87},
  number  = {1},
  pages   = {114--119}
}

@article{Hoane2008,
  author  = {Hoane, M. R. and Pierce, J. L. and Holland, M. A. and Anderson, G. D.},
  title   = {Nicotinamide treatment induces behavioral recovery when administered up to 4 hours following cortical contusion injury in the rat},
  journal = {Neuroscience},
  year    = {2008},
  month   = {Jun},
  day     = {26},
  volume  = {154},
  number  = {3},
  pages   = {861--868}
}

@article{Huttemann2008,
  author  = {H{\"u}ttemann, M. and Lee, I. and Kreipke, C. W. and Petrov, T.},
  title   = {Suppression of the inducible form of nitric oxide synthase prior to traumatic brain injury improves cytochrome c oxidase activity and normalizes cellular energy levels},
  journal = {Neuroscience},
  year    = {2008},
  month   = {Jan},
  day     = {2},
  volume  = {151},
  number  = {1},
  pages   = {148--154}
}

@article{Jeyarasasingam2000,
  author  = {Jeyarasasingam, G. and Yeluashvili, M. and Quik, M.},
  title   = {Tacrine, a reversible acetylcholinesterase inhibitor, induces myopathy},
  journal = {NeuroReport},
  year    = {2000},
  month   = {Apr},
  day     = {27},
  volume  = {11},
  number  = {6},
  pages   = {1173--1176},
  note    = {The article also references Jeyarasasingam, Yeluashvili, Quik, 2000, J Pharmacol Exp Ther. 295(1):314-20 "Nitric oxide is involved in acetylcholinesterase inhibitor-induced myopathy in rats." This specific bibitem is for the NeuroReport one based on the year and primary topic matching the text context for Tacrine and myopathy.}
}

@article{Joshi2010,
  author  = {Joshi, V. and Arora, T. and Mehta, A. K. and Sharma, A. K. and Rathor, N. and Mehta, K. D. and Mahajan, P. and Mediratta, P. K. and Banerjee, B. D. and Sharma, K. K.},
  title   = {Effect of phosphamidon on convulsive behavior and biochemical parameters: modulation by progesterone and 4'-chlorodiazepam in rats},
  journal = {Naunyn-Schmiedeberg's Archives of Pharmacology},
  year    = {2010},
  month   = {Oct},
  volume  = {382},
  number  = {4},
  pages   = {311--320}
}

@article{Kim1997,
  author  = {Kim, Y. B. and Hur, G. H. and Lee, Y. S. and Han, B. G. and Shin, S.},
  title   = {A role of nitric oxide in organophosphate-induced convulsions},
  journal = {Environmental Toxicology and Pharmacology},
  year    = {1997},
  month   = {Feb},
  day     = {15},
  volume  = {3},
  number  = {1},
  pages   = {53--56}
}

@article{Krech1960,
  author  = {Krech, D. and Rosenzweig, M. R. and Bennett, E. L.},
  title   = {Effects of environmental complexity and training on brain chemistry},
  journal = {Journal of Comparative and Physiological Psychology},
  year    = {1960},
  month   = {Dec},
  volume  = {53},
  pages   = {509--519}
}

@article{Levine1990,
  author  = {Levine, J. D. and Strauss, L. R. and Muenz, L. R. and Dratman, M. B. and Stewart, K. T. and Adler, N. T.},
  title   = {Thyroparathyroidectomy produces a progressive escape deficit in rats},
  journal = {Physiology \& Behavior},
  year    = {1990},
  month   = {Jul},
  volume  = {48},
  number  = {1},
  pages   = {165--167}
}

@article{Librizzi2000,
  author  = {Librizzi, L. and Folco, G. and de Curtis, M.},
  title   = {Nitric oxide synthase inhibitors unmask acetylcholine-mediated constriction of cerebral vessels in the in vitro isolated guinea-pig brain},
  journal = {Neuroscience},
  year    = {2000},
  volume  = {101},
  number  = {2},
  pages   = {283--287}
}

@article{Lyeth1992,
  author  = {Lyeth, B. G. and Hayes, R. L.},
  title   = {Cholinergic and opioid mediation of traumatic brain injury},
  journal = {Journal of Neurotrauma},
  year    = {1992},
  month   = {May},
  volume  = {9},
  number  = {Suppl 2},
  pages   = {S463--S474}
}

@article{Manukhina2010,
  author  = {Manukhina, E. B. and Goryacheva, A. V. and Barskov, I. V. and Viktorov, I. V. and Guseva, A. A. and Pshennikova, M. G. and Khomenko, I. P. and Mashina, S. Y. and Pokidyshev, D. A. and Malyshev, I. Y.},
  title   = {Prevention of neurodegenerative damage to the brain in rats in experimental {Alzheimer's} disease by adaptation to hypoxia},
  journal = {Neuroscience and Behavioral Physiology},
  year    = {2010},
  month   = {Sep},
  volume  = {40},
  number  = {7},
  pages   = {737--743}
}

@article{Massol1987a,
  author  = {Massol, J. and Martin, P. and Soubri{\'e}, P. and Simon, P.},
  title   = {Triiodothyroacetic acid-induced reversal of learned helplessness in rats},
  journal = {European Journal of Pharmacology},
  year    = {1987},
  month   = {Feb},
  day     = {24},
  volume  = {134},
  number  = {3},
  pages   = {345--348}
}

@article{Massol1988,
  author  = {Massol, J. and Martin, P. and Soubri{\'e}, P. and Puech, A. J.},
  title   = {Triiodothyroacetic acid ({TRIAC}) potentiation of antidepressant-induced reversal of learned helplessness in rats},
  journal = {European Journal of Pharmacology},
  year    = {1988},
  month   = {Aug},
  day     = {2},
  volume  = {152},
  number  = {3},
  pages   = {347--351}
}

@article{Obukuro2013,
  author  = {Obukuro, K. and Nobunaga, M. and Takigawa, M. and Morioka, H. and Hisatsune, A. and Isohama, Y. and Shimokawa, H. and Tsutsui, M. and Katsuki, H.},
  title   = {Nitric Oxide Mediates Selective Degeneration of Hypothalamic Orexin Neurons through Dysfunction of Protein Disulfide Isomerase},
  journal = {Journal of Neuroscience},
  year    = {2013},
  month   = {Jul},
  day     = {31},
  volume  = {33},
  number  = {31},
  pages   = {12557--12568}
}

@article{Ostberg2011,
  author  = {{\"O}stberg, A. and Virta, J. and Rinne, J. O. and Oikonen, V. and Luoto, P. and N{\aa}gren, K. and Arponen, E. and Tenovuo, O.},
  title   = {Cholinergic dysfunction after traumatic brain injury: preliminary findings from a {PET} study},
  journal = {Neurology},
  year    = {2011},
  month   = {Mar},
  day     = {22},
  volume  = {76},
  number  = {12},
  pages   = {1046--1050}
}

@article{Pike1997,
  author  = {Pike, B. R. and Hamm, R. J. and Temple, M. D. and Buck, D. L. and Lyeth, B. G.},
  title   = {Effect of tetrahydroaminoacridine, a cholinesterase inhibitor, on cognitive performance following experimental brain injury},
  journal = {Journal of Neurotrauma},
  year    = {1997},
  month   = {Dec},
  volume  = {14},
  number  = {12},
  pages   = {897--905}
}

@article{Richter1957,
  author  = {Richter, C. P.},
  title   = {On the phenomenon of sudden death in animals and man},
  journal = {Psychosomatic Medicine},
  year    = {1957},
  month   = {May--Jun},
  volume  = {19},
  number  = {3},
  pages   = {191--198}
}

@misc{Richter1958,
  author = {Richter, C. P.},
  year   = {1958},
  title  = {Title related to hopelessness phenomenon in rats or escaping stress},
  note   = {Cited in article body as (Richter, 1957, 1958). Full reference details for 1958 not explicitly provided in the source text's main reference list, but it may refer to further work by Richter on the topic discussed in relation to the 1957 paper.}
}

@article{Rosellini1976,
  author  = {Rosellini, R. A. and Binik, Y. M. and Seligman, M. E. P.},
  title   = {Sudden death in the laboratory rat},
  journal = {Psychosomatic Medicine},
  year    = {1976},
  month   = {Jan--Feb},
  volume  = {38},
  number  = {1},
  pages   = {55--58}
}

@article{Ruge1954,
  author  = {Ruge, D.},
  title   = {The use of cholinergic blocking agents in the treatment of cranio-cerebral injuries},
  journal = {Journal of Neurosurgery},
  year    = {1954},
  month   = {Jan},
  volume  = {11},
  number  = {1},
  pages   = {77--83}
}

@article{Sanders1973,
  author  = {Sanders, W. L. and Dunn, T. L.},
  title   = {Creutzfeldt-Jakob disease treated with amantidine. {A} report of two cases},
  journal = {Journal of Neurology, Neurosurgery \& Psychiatry},
  year    = {1973},
  month   = {Aug},
  volume  = {36},
  number  = {4},
  pages   = {581--584}
}

@article{SharmaSharma2013,
  author  = {Sharma, B. and Sharma, P. M.},
  title   = {Arsenic toxicity induced endothelial dysfunction and dementia: {Pharmacological} interdiction by histone deacetylase and inducible nitric oxide synthase inhibitors},
  journal = {Toxicology and Applied Pharmacology},
  year    = {2013},
  month   = {Aug},
  day     = {3},
  note    = {pii: S0041-008X(13)00326-8. Published online ahead of print. Check final publication for volume/pages.}
}

@article{SharmaSingh2013,
  author  = {Sharma, B. and Singh, N.},
  title   = {Pharmacological inhibition of inducible nitric oxide synthase ({iNOS}) and nicotinamide adenine dinucleotide phosphate ({NADPH}) oxidase, convalesce behavior and biochemistry of hypertension induced vascular dementia in rats},
  journal = {Pharmacology Biochemistry and Behavior},
  year    = {2013},
  month   = {Feb},
  volume  = {103},
  number  = {4},
  pages   = {821--830}
}

@misc{Sola2002,
  author = {Sol{\`a}, et al.},
  title  = {Title related to bacterial endotoxin from intestine altering astrocyte function regarding nitric oxide},
  year   = {2002},
  note   = {Full reference details not found in provided text. Cited in article body.}
}

@article{Steinert2010,
  author  = {Steinert, J. R. and Chernova, T. and Forsythe, I. D.},
  title   = {Nitric oxide signaling in brain function, dysfunction, and dementia},
  journal = {The Neuroscientist},
  year    = {2010},
  month   = {Aug},
  volume  = {16},
  number  = {4},
  pages   = {435--452}
}

@article{Tran2001,
  author  = {Tran, M. H. and Yamada, K. and Olariu, A. and Mizuno, M. and Ren, X. H. and Nabeshima, T.},
  title   = {Amyloid beta-peptide induces nitric oxide production in rat hippocampus: association with cholinergic dysfunction and amelioration by inducible nitric oxide synthase inhibitors},
  journal = {FASEB Journal},
  year    = {2001},
  month   = {Jun},
  volume  = {15},
  number  = {8},
  pages   = {1407--1409}
}

@article{Ward1950,
  author  = {Ward, Jr, A.},
  title   = {Atropine in the treatment of closed head injury},
  journal = {Journal of Neurosurgery},
  year    = {1950},
  month   = {Sep},
  volume  = {7},
  number  = {5},
  pages   = {398--402}
}

@article{Willis2009,
  author  = {Willis, L. M. and Shukitt-Hale, B. and Joseph, J. A.},
  title   = {Dietary polyunsaturated fatty acids improve cholinergic transmission in the aged brain},
  journal = {Genes \& Nutrition},
  year    = {2009},
  month   = {Dec},
  volume  = {4},
  number  = {4},
  pages   = {309--314}
}

@article{Zaganas2013,
  author  = {Zaganas, I. and Kapetanaki, S. and Mastorodemos, V. and Kanavouras, K. and Colosio, C. and Wilks, M. F. and Tsatsakis, A. M.},
  title   = {Linking pesticide exposure and dementia: what is the evidence?},
  journal = {Toxicology},
  year    = {2013},
  month   = {May},
  day     = {10},
  volume  = {307},
  pages   = {3--11}
}

@article{Zhu2000,
  author  = {Zhu, J. and Hamm, R. J. and Reeves, T. M. and Povlishock, J. T. and Phillips, L. L.},
  title   = {Postinjury administration of {L}-deprenyl improves cognitive function and enhances neuroplasticity after traumatic brain injury},
  journal = {Experimental Neurology},
  year    = {2000},
  month   = {Nov},
  volume  = {166},
  number  = {1},
  pages   = {136--152}
}

@article{Zlatkovic2013,
  author  = {Zlatkovi{\'c}, J. and Filipovi{\'c}, D.},
  title   = {Chronic social isolation induces {NF}-{$\kappa$B} activation and upregulation of {iNOS} protein expression in rat prefrontal cortex},
  journal = {Neurochemistry International},
  year    = {2013},
  month   = {Sep},
  volume  = {63},
  number  = {3},
  pages   = {172--179}
}